
@article{oetiker1995not,
	title={The not so short introduction to latex2$\varepsilon$},
	author={Oetiker, Tobias and Partl, Hubert and Hyna, Irene and Schlegl, Elisabeth},
	journal={Bulgarian, Chinese, Czech, Dutch, Estonian},
	year={1995},
	publisher={Citeseer}
}

@misc{tantau2004user,
	title={Userâ€™s Guide to the Beamer Class, Version 3.01},
	author={Tantau, Till},
	year={2004}
}